<record><leader>00000cas a22000007a 4500</leader><controlfield tag="001">12951232</controlfield><controlfield tag="008">851223d19041911nvuwr ne      0    0eng d</controlfield><datafield ind1=" " ind2=" " tag="010"><subfield code="a">sn 85058379 </subfield></datafield><datafield ind1=" " ind2=" " tag="040"><subfield code="a">UNP</subfield><subfield code="b">eng</subfield><subfield code="c">UNP</subfield><subfield code="d">NNX</subfield><subfield code="d">CNK</subfield><subfield code="d">OCLCQ</subfield><subfield code="d">OCLCF</subfield><subfield code="d">OCLCO</subfield></datafield><datafield ind1="1" ind2=" " tag="029"><subfield code="a">AU@</subfield><subfield code="b">000024499135</subfield></datafield><datafield ind1=" " ind2=" " tag="042"><subfield code="a">msc</subfield></datafield><datafield ind1=" " ind2=" " tag="043"><subfield code="a">n-us-nv</subfield></datafield><datafield ind1=" " ind2="4" tag="050"><subfield code="a">AN2.N3</subfield><subfield code="b">G65</subfield></datafield><datafield ind1="0" ind2="4" tag="082"><subfield code="a">979.3</subfield></datafield><datafield ind1="0" ind2="4" tag="245"><subfield code="a">The Goldfield news.</subfield></datafield><datafield ind1=" " ind2=" " tag="260"><subfield code="a">Goldfield, Nev. :</subfield><subfield code="b">J.F. O'Brien,</subfield><subfield code="c">1904-</subfield></datafield><datafield ind1=" " ind2=" " tag="300"><subfield code="a">v.</subfield></datafield><datafield ind1=" " ind2=" " tag="310"><subfield code="a">Weekly</subfield></datafield><datafield ind1="0" ind2=" " tag="362"><subfield code="a">Vol. 1, no. 1 (Apr. 29, 1904)-</subfield></datafield><datafield ind1="1" ind2=" " tag="362"><subfield code="a">Ceased in Mar. 1911.</subfield><subfield code="z">Cf. Lingenfelter, R.E. Newspapers in Nevada.</subfield></datafield><datafield ind1=" " ind2=" " tag="580"><subfield code="a">Merged with: Goldfield weekly tribune, to form: Goldfield news and weekly tribune.</subfield></datafield><datafield ind1=" " ind2="0" tag="651"><subfield code="a">Goldfield (Nev.)</subfield><subfield code="v">Newspapers.</subfield></datafield><datafield ind1=" " ind2="7" tag="655"><subfield code="a">Newspapers.</subfield><subfield code="2">fast</subfield><subfield code="0">(OCoLC)fst01423814</subfield></datafield><datafield ind1=" " ind2="7" tag="651"><subfield code="a">Nevada</subfield><subfield code="z">Goldfield.</subfield><subfield code="2">fast</subfield><subfield code="0">(OCoLC)fst01222353</subfield></datafield><datafield ind1=" " ind2=" " tag="752"><subfield code="a">United States</subfield><subfield code="b">Nevada</subfield><subfield code="c">Esmeralda</subfield><subfield code="d">Goldfield.</subfield></datafield><datafield ind1="0" ind2=" " tag="775"><subfield code="t">Goldfield daily news</subfield><subfield code="w">(DLC)sn 85058380</subfield><subfield code="w">(OCoLC)12951259</subfield></datafield><datafield ind1="1" ind2="7" tag="785"><subfield code="t">Goldfield weekly tribune</subfield><subfield code="w">(DLC)sn 94051439</subfield><subfield code="w">(OCoLC)30327125</subfield></datafield><datafield ind1="1" ind2="7" tag="785"><subfield code="t">Goldfield news and weekly tribune</subfield><subfield code="w">(DLC)sn 85058376</subfield><subfield code="w">(OCoLC)12951037</subfield></datafield></record>